2456 3368
968 110 288 75 PREFAZIONE.

2092 115 23 76 vn

140 630 37 52 Per
204 628 37 53 ciò
268 626 41 54 che
344 621 125 58 riguarda
500 619 13 58 le
544 617 169 60 definizioni
748 622 29 52 mi
800 619 37 54 son
877 614 56 58 fatto
965 613 20 58 un
1025 612 92 58 dovere
1154 612 20 57 di
1206 611 164 57 conservare
1410 610 228 56 religiosamente
1670 610 84 52 quelle
1790 609 36 52 del
1858 608 176 52 Vocabolario
2078 608 60 49 della

112 674 86 44 Crusça
227 672 60 45 dove
325 671 83 45 giuste
443 670 17 44 ed
502 668 76 46 esatte
613 668 11 45 le
662 667 24 45 ho
724 665 126 47 trovate,
875 662 187 48 correggendo
1098 661 49 47 solo
1183 659 85 48 talune
1308 657 137 49 parutemi
1478 654 147 50 difettose,
1648 653 72 49 come
1756 652 13 49 in
1810 650 139 51 Lappola,
1981 647 167 52 Monopolio,

118 713 202 54 Negremanzia,
350 711 113 52 Ortica,
496 708 182 53 Paraninfa,
704 707 42 51 ec.
772 706 25 51 Ed
838 706 20 50 ho
899 705 41 50 poi
967 703 116 51 supplito
1120 701 45 50 alle
1199 699 163 51 mancanti,
1392 696 168 51 traendole,
1593 695 69 49 parte
1695 694 22 48 da
1756 692 87 49 quelle
1876 691 55 48 fatte
1964 690 39 48 con
2039 688 100 49 somma

111 754 117 50 sagacità
250 753 1 49 e
272 747 132 54 diligenza
444 744 196 55 dall’Alberti,
661 749 1 47 e
698 743 144 52 parecchie
867 739 61 54 altre
956 738 13 54 le
998 738 23 53 ho
1050 740 91 50 cavate
1166 735 42 53 dal
1226 731 154 57 Dizionario
1409 733 109 52 italiano
1547 738 24 45 di
1592 735 147 47 Bologna,
1753 732 203 48 specialmente
1985 730 83 46 quelle
2097 729 42 46 che

115 796 153 55 riguardano
299 795 12 53 la
341 793 104 54 Fisica,
469 793 11 53 la
504 791 118 54 Chimiea
653 790 1 53 e
684 790 12 52 la
723 788 86 54 Storia
837 786 149 54 naturale,
1006 783 224 55 ristringendole
1257 781 65 53 però
1349 781 15 52 il
1395 780 40 52 più
1455 776 224 55 accomiamente
1710 776 40 52 che
1784 775 22 51 ho
1837 773 114 53 potuto.
1968 771 82 53 Poche
2081 770 58 52 altre

114 837 152 57 finalmente
295 836 34 56 mi
349 835 39 56 son
421 832 144 59 ingegnato
602 829 136 58 supptirle
770 829 14 55 io
812 827 77 59 stesso
922 825 81 47 dietro
1035 824 10 48 la
1074 823 84 49 scorta
1184 821 63 54 dell'
1259 818 186 61 etimologia,
1470 816 67 59 come
1571 815 38 53 ne'
1626 813 126 54 vocaboli
1777 810 147 57 Intelletto,
1949 806 207 62 Preposízione,

126 878 98 53 Ferità,
247 877 101 52 Verme,
375 876 160 51 Vermiglio,
553 875 55 50 eec.

97 217 67 58 -jone
191 206 62 66 delle
284 198 53 71 veci
364 204 150 62 calamita,
541 192 171 68 Carneuale,
736 189 184 66 Coccodrillo,
949 192 149 61 coltzuare,
1122 188 169 64 compatire,
1325 194 70 56 Idea,
1424 178 80 71 lara,
1532 175 81 73 lena,
1646 175 115 72 Incetto,
1790 174 119 72 Inaidia,
1943 183 194 62 Inpepamata,

101 261 99 54 Istrice,
231 259 150 52 Invidiare,
420 257 91 48 Legge,
542 254 136 52 Lusinga,
711 253 92 51 Morte,
833 250 135 53 Origano,
995 248 135 49 Pantera,
1160 245 151 45 Reliyione,
1345 242 191 47 Rinoceronte,
1566 239 166 49 Ripudiare,
1763 236 162 50 Vermiglio,
1952 235 64 50 ccc..
2043 234 48 51 ccc.
2110 233 16 51 In

99 303 84 55 alcuni
221 296 139 57 vocaboli,
394 293 62 53 oltre
494 290 44 57 all'
559 288 184 61 etimologia,
768 286 35 60 son
841 284 97 60 dovuto
980 281 309 61 indispensabilmente
1332 280 105 55 entrare
1471 279 40 53 nel
1545 278 87 52 campo
1670 277 62 51 delle
1766 275 140 51 antichità
1931 274 136 48 romane,
2092 273 40 46 ner

102 342 103 55 cavarne
240 339 44 54 un'
299 334 131 57 adequata
472 331 195 55 spiegazione.
713 327 48 51 Tali
796 326 60 51 sono
898 325 84 51 Faro,
1016 324 147 51 Fanatico,
1198 324 76 50 Fato,
1300 322 143 51 Focolare,
1474 322 76 50 Foro,
1580 321 171 51 filadiatore,
1785 319 159 51 Immolare,
1974 318 167 51 Incantare,

108 387 139 51 llanipolo,
270 384 107 49 Mostro,
408 381 100 47 Nenia,
532 381 178 43 Paraninfa,
744 381 107 39 Penali,
878 381 122 38 Prefica,
1027 381 132 37 Profano,
1186 381 100 36 Rostri,
1313 381 224 35 Sulpershzione,
1561 381 209 33 Suippeutetuite,
1790 381 157 31 Supputcto,
1978 381 79 29 read,
2084 381 50 29 1r4=

101 425 86 55 pudio,
212 421 99 55 Troseo,
332 420 18 53 ed
387 417 57 54 altri
473 415 39 54 che
541 410 181 59 tralasciansi
746 410 40 61 per
815 409 121 51 brevità.
956 409 1 50 E
999 408 73 50 cosi,
1088 406 172 52 procedendo
1294 405 99 51 sempre
1422 405 65 50 dall'
1503 404 104 51 origine
1636 403 65 51 della
1734 402 74 51 voce,
1828 402 22 50 ho
1879 401 168 51 procurato,
2067 400 70 51 come

103 469 86 53 meglio
216 468 32 52 far
275 467 19 52 si
313 465 116 54 poteva,
448 465 2 51 c
473 463 99 53 quanto
599 461 82 53 ancor
705 461 14 51 la
747 458 140 54 strettezza
915 457 39 52 del
983 455 81 53 tempo
1100 455 10 51 il
1138 451 187 55 permetteva,
1340 450 69 53 tanto
1441 449 23 52 di
1488 447 119 53 supplire
1635 447 14 51 le
1677 444 165 53 definizioni
1862 441 161 53 mancanti,
2039 439 98 53 quanto

106 510 19 53 di
142 507 156 55 correggere
326 507 11 53 le
368 504 146 55 difettose,
538 504 1 53 e
577 502 72 54 porre
679 500 115 54 altresì,
817 499 108 53 quand'
941 498 22 53 ho
1001 496 118 54 potuto,
1150 495 36 53 ne'
1207 493 100 54 diversi
1338 491 153 54 signilicati
1518 490 75 52 d’una
1635 488 79 53 voce,
1737 487 23 52 un
1798 485 117 53 ordine,
1939 484 40 52 per
2010 483 50 52 cosl
2088 482 50 52 dire

103 549 192 53 cronotogico,
324 549 12 50 il
362 548 73 50 quale
468 547 85 50 spesso
586 539 93 56 manca
716 535 39 58 ne'
773 533 141 59 Dizionarj
944 532 62 58 dell’
1024 531 119 57 Alberti,
1176 531 1 55 e
1214 530 107 56 talvolta
1354 529 81 55 anche
1476 528 39 54 nel
1545 527 179 54 Vocabotario
1761 526 66 52 della
1868 524 115 52 Crusca.
2005 523 138 51 Veggansi

107 596 10 45 le
152 594 49 46 voci
230 592 112 47 Parare,
374 590 104 46 Puento,
510 586 181 48 Remissione,
720 585 61 45 Reo,
807 582 124 46 Restare,
963 579 155 47 Rimettere,
1153 576 148 46 Ráparare,
1330 573 133 46 Ripetere,
1489 571 140 45 Risegare,
1655 567 166 46 Reuerenza,
1847 566 49 44 ece.

157 920 104 49 Intorno
290 919 19 48 ai
330 916 170 51 neologismi
521 913 173 52 scientifici,
712 910 166 52 essendomi
895 908 97 52 dovuto
1020 904 178 55 conformare
1223 903 44 54 all’
1282 901 118 55 adottato
1428 899 107 55 disegno
1564 897 60 56 dell’
1641 895 100 57 opera,
1758 894 23 57 ho
1810 893 52 57 dato
1894 891 71 58 luogo
1993 888 152 60 solamente

121 967 1 50 a
149 963 81 53 quelli
249 962 25 53 di
293 960 41 54 già
357 957 101 57 passati
481 954 65 58 nell'
565 953 37 58 uso
633 948 137 62 comune,
789 950 201 58 astenendomi
1013 949 21 56 di
1065 946 78 58 notar
1170 942 85 61 quelli
1282 941 197 60 ch’esigevano
1511 937 40 61 una
1586 937 37 60 ben
1662 937 93 59 distesa
1786 938 1 56 e
1818 938 101 56 minuta
1954 938 201 54 spiegazione,

122 1008 18 51 ed
172 1006 42 52 una
243 1004 148 53 particolar
423 1001 161 53 cognizione
617 1000 64 51 della
710 998 101 51 scienza
847 997 41 50 cui
920 994 172 52 riferivansi.
1121 993 44 49 Non
1208 991 54 50 così
1291 990 65 49 però
1382 988 104 50 rispetto
1523 987 43 49 alle
1599 985 54 49 voci
1683 984 60 49 pure
1773 982 100 49 latine,
1897 982 0 47 o
1930 981 23 48 da
1983 980 24 48 un
2043 979 71 48 pezze
2147 978 0 47 o

125 1048 192 48 novellamente
348 1045 173 48 introdotte,
545 1044 42 46 alle
621 1042 76 47 quali
718 1041 76 47 libero
825 1039 104 47 sempre
960 1038 19 46 ed
1016 1037 86 47 aperto
1135 1036 17 46 si
1179 1035 58 46 vuol
1259 1033 85 47 tenere
1378 1031 85 48 l’adito
1494 1030 44 47 alla
1570 1027 207 49 cittadinanza,
1799 1026 40 47 che
1868 1025 44 47 pur
1946 1023 47 48 loro
2025 1023 6 47 è
2056 1021 94 49 dovuta

121 1091 49 52 jure
201 1088 178 54 posttiminii.
406 1087 14 51 In
461 1085 98 52 quanto
596 1084 40 51 poi
662 1083 22 51 ad
725 1081 60 52 altre
822 1080 53 52 voci
905 1078 109 53 nuove,
1037 1076 105 53 intruse
1176 1074 71 52 senza
1284 1071 157 54 necessità,
1461 1071 1 51 e
1496 1069 87 52 spesso
1614 1067 80 53 anche
1725 1066 70 52 senza
1825 1063 147 53 giudizio,
1995 1062 57 52 sono
2086 1060 63 52 stato

126 1137 52 41 aurl
202 1158 122 19 muuamto
362 1143 69 32 barco
470 1143 38 31 che
546 1143 45 30 no,
615 1143 101 29 avendo
751 1143 104 28 sempre
890 1143 135 26 riprovato
1060 1143 17 24 s'
1095 1143 41 24 gun
1181 1143 0 23 r
1202 1139 115 26 csempro
1352 1139 38 25 den
1421 1139 122 24 arrbertr,
1563 1139 11 22 rr
1598 1110 73 51 qdale
1702 1109 56 50 dava
1799 1107 77 51 libero
1914 1105 87 52 campo
2039 1104 21 52 ad
2098 1102 59 53 ogni

128 1173 117 46 vocabolo
277 1172 39 45 che
351 1171 0 45 a
383 1170 32 46 lui
440 1169 81 46 nuovo
553 1168 14 46 si
592 1166 92 47 parava
716 1164 131 48 innanzi,
871 1161 125 49 massime
1026 1160 16 48 se
1076 1159 61 49 fosse
1168 1156 139 51 francese,
1320 1155 44 50 cui
1388 1154 57 50 avea
1476 1151 150 52 particolar
1653 1148 214 53 predilezione,
1887 1144 199 54 ricogliendolo
2120 1143 37 53 per

124 1210 13 58 lo
166 1209 43 58 più
239 1208 61 58 dalla
334 1206 77 59 bocca
440 1205 62 58 della
535 1204 74 57 plebe
642 1203 1 57 e
669 1203 24 56 da
726 1201 111 57 persone
870 1199 146 57 ignoranti
1042 1198 8 56 la
1080 1196 103 57 propria
1213 1195 115 56 lingua,
1354 1191 229 58 autenticandolo
1616 1191 39 54 poi
1677 1190 43 54 con
1754 1188 122 54 autorità
1899 1186 137 54 sospette,
2063 1185 0 53 o
2097 1184 57 53 pure

128 1254 231 53 imprimendogli
383 1253 13 50 in
431 1252 81 50 fronte
539 1251 11 50 il
573 1250 72 50 solito
672 1249 38 50 suo
744 1248 115 50 suggello
890 1247 20 49 di
938 1246 51 49 Voce
1009 1245 58 49 dell'
1081 1244 54 49 uso.
1159 1243 20 49 Ed
1213 1243 7 48 è
1244 1242 20 49 un
1297 1241 107 49 peecato
1437 1240 38 48 che
1502 1239 62 48 quel
1583 1238 56 48 cosl
1658 1236 90 48 sagace
1777 1236 1 47 e
1804 1234 131 48 diligente
1964 1231 189 49 Lessicografo

130 1297 57 53 qual
208 1296 35 53 era
272 1294 187 54 sicuramente
494 1291 149 54 l’Alberti,
668 1290 70 52 abbia
770 1289 39 52 poi
830 1287 124 53 infareito
982 1287 0 51 i
1004 1286 60 51 suoi
1085 1284 141 52 Dizionari
1250 1283 22 51 di
1293 1282 64 51 tante
1388 1281 54 51 voei
1466 1279 110 52 barbare
1600 1279 1 50 e
1625 1277 114 52 strane,
1759 1276 76 51 quali
1855 1275 57 50 sono
1950 1274 23 50 p.
1993 1274 33 49 es.
2046 1272 114 51 Gigotto,

130 1338 36 52 per
192 1336 158 53 Cosciotto,
372 1333 144 54 Pecorare,
534 1332 40 52 per
599 1330 108 53 Belare,
729 1328 169 54 Rigrettare,
916 1327 40 52 per
980 1323 224 55 Rimpiangere,
1228 1320 189 55 Tirabuscione
1441 1319 12 53 in
1488 1318 51 53 vece
1571 1317 22 53 di
1610 1315 167 55 Sturatoio,
1794 1314 1 53 e
1823 1313 69 54 tante
1924 1313 1 52 e
1953 1311 69 54 tante
2050 1310 59 54 altre
2140 1309 23 53 di

130 1381 69 52 simil
220 1379 80 52 fatta,
324 1379 0 51 e
352 1378 70 52 sopra
456 1376 63 52 tutto
547 1375 62 52 quel
634 1374 38 51 suo
709 1372 95 52 lezioso
841 1370 123 52 Bettagtio
990 1368 64 52 collo
1088 1366 126 53 strascico
1251 1365 39 51 de'
1303 1364 57 52 suoi
1383 1362 119 52 derivati
1522 1361 43 51 che
1588 1360 39 51 con
1657 1358 67 52 tanto
1755 1357 88 52 affetto
1873 1356 32 51 gli
1925 1353 206 54 accarezzava,
2154 1352 1 51 e

129 1420 150 48 studiavasi
304 1419 19 46 di
348 1418 69 47 porli
442 1418 13 46 in
492 1415 126 48 credito,
643 1414 72 47 senza
753 1413 75 46 punto
866 1412 41 46 por
935 1410 84 47 mente
1051 1409 41 46 che
1126 1407 110 47 Ritaglio
1264 1407 0 45 e
1292 1404 167 48 Ritagtiare,
1480 1403 98 46 Minuto
1611 1402 1 46 e
1643 1399 198 48 Sminuzzare,
1865 1396 215 48 Minictamente,
2104 1395 57 46 Far¬

132 1461 98 56 ticolare
262 1461 0 53 e
297 1456 268 58 Particolartzzare,
588 1454 60 55 sono
686 1451 128 56 vocaboli
844 1451 21 53 di
895 1449 49 54 lega
978 1448 44 54 più
1049 1447 60 53 pura
1140 1446 1 53 e
1167 1445 25 53 di
1214 1444 76 53 conio
1325 1441 147 54 migliore,
1494 1438 116 54 siccome
1644 1436 88 54 quelli
1758 1435 45 53 che
1833 1434 45 52 più
1904 1431 135 54 analoghi
2066 1430 56 52 sono
2160 1429 1 51 e

130 1496 37 62 più
201 1494 139 63 conformi
365 1494 21 60 al
416 1493 75 60 genio
525 1492 63 60 della
626 1491 84 59 lingua
748 1490 135 58 italiana,
916 1490 0 56 e
962 1488 122 57 portanti
1114 1487 97 55 inoltre
1252 1486 177 54 l’autorevole
1462 1484 136 53 impronta
1630 1484 26 50 di
1681 1483 72 51 gravi
1782 1483 1 49 e
1815 1481 199 51 purgatissimi
2038 1480 127 48 scrittori

131 1542 94 51 d’ogni
248 1539 53 55 età.

164 1580 113 57 Rispetto
301 1579 44 56 alle
373 1578 55 56 voci
452 1578 1 54 o
485 1576 80 56 prette
593 1575 80 55 latine
701 1575 1 54 o
737 1574 62 54 dalle
831 1573 59 54 pure
921 1571 80 55 latine
1029 1569 149 55 derivate,
1199 1567 141 54 siccome,
1361 1567 44 52 non
1436 1565 88 53 tutte,
1548 1565 34 51 ma
1609 1564 66 51 salvo
1708 1563 36 51 ben
1780 1561 104 52 poche,
1902 1560 58 51 sono
1989 1559 61 51 state
2083 1558 86 50 intro¬

131 1623 65 57 dotte
231 1621 159 57 coll’intero
429 1619 108 56 corredo
572 1618 39 55 de'
627 1618 34 55 lor
688 1616 175 56 significati,
885 1615 59 54 così
970 1614 44 54 mia
1052 1612 152 54 particolar
1234 1611 59 53 cura
1331 1610 8 52 è
1365 1609 60 53 stata
1458 1608 87 52 quella
1579 1607 20 52 di
1629 1606 140 52 avvertirlo
1807 1605 13 50 in
1858 1604 39 51 sul
1928 1602 136 52 principio
2099 1601 65 50 della

130 1667 114 50 parola,
271 1665 146 50 indicando
451 1663 200 50 specialmente
688 1661 60 49 quel
778 1660 97 49 preciso
911 1657 154 50 significato
1098 1656 107 49 latino,
1228 1655 14 48 il
1268 1654 74 48 quale
1379 1653 80 48 servir
1492 1651 77 49 dovea
1602 1651 24 47 di
1656 1650 43 48 tipo
1739 1649 40 48 alla
1816 1646 163 50 definizione
2015 1645 61 48 della
2112 1644 54 48 cor¬

132 1711 179 44 rispondente
347 1711 54 42 voce
433 1709 132 43 italiana,
590 1708 67 42 come
696 1708 38 41 per
763 1708 39 40 es.
827 1708 10 40 le
869 1708 55 39 voci
949 1708 141 39 Indicare,
1119 1708 106 37 Indice,
1254 1708 128 35 Insigne,
1411 1708 166 34 Institieire,
1606 1708 157 32 Instriuire,
1795 1708 173 30 Presumere,
2000 1708 174 28 Pretendere,

139 1747 162 54 Versipelle,
326 1745 124 53 Versuta,
468 1745 35 51 ec.
521 1744 53 52 voci
602 1742 81 52 prette
715 1741 103 52 latine,
839 1739 116 52 adottate
987 1738 39 51 nel
1047 1737 128 51 moderno
1210 1735 134 51 italiano,
1362 1734 32 50 ma
1422 1733 43 50 non
1500 1732 64 50 però
1592 1731 64 50 nella
1691 1729 138 51 primitiva
1861 1728 46 49 loro
1938 1725 198 51 significanza.
2161 1725 0 48 E

132 1787 94 50 inoltre
256 1786 36 49 son
323 1786 26 49 ito
383 1785 93 49 altresi
499 1784 74 49 tratto
606 1783 73 48 tratto
713 1781 117 49 notando
863 1781 13 47 le
906 1779 140 49 locuzioni
1070 1779 0 47 e
1106 1778 10 48 le
1150 1777 117 48 maniere
1297 1776 76 47 latine
1407 1775 100 47 imitate
1537 1774 40 46 da'
1594 1773 110 47 purgati
1727 1771 147 47 scrittori,
1897 1771 17 45 ed
1947 1770 13 46 in
1997 1769 60 46 que'
2074 1768 97 46 luoghi

131 1824 223 54 massimamente
385 1823 58 51 dove
474 1820 178 53 sembravano
683 1817 132 53 scostarsi
835 1815 129 53 alquanto
994 1813 65 53 dalle
1087 1812 82 52 forme
1196 1809 132 54 comuni.

170 1868 30 49 Ma
231 1867 99 49 perchè
353 1867 11 49 in
395 1866 60 49 ogni
478 1864 80 51 cosa,
577 1864 15 50 ed
627 1863 11 50 in
669 1862 57 51 fatto
756 1862 23 51 di
802 1861 87 51 lingua
924 1857 262 54 principalmente,
1209 1855 206 54 ammaestrano
1449 1854 38 53 più
1510 1853 34 54 gli
1563 1852 114 55 esempli
1700 1851 38 55 che
1765 1850 45 55 non
1841 1850 0 55 i
1860 1848 152 56 semplici,
2035 1846 141 57 ancorchè

137 1911 109 46 ottimi,
271 1909 135 46 precetti,
425 1908 45 46 non
502 1907 102 46 minore
633 1904 173 48 accuratezza
838 1904 22 46 ho
896 1902 144 47 procurato
1075 1901 70 46 usare
1174 1900 13 46 in
1225 1899 87 47 questa
1344 1898 67 47 parte
1443 1897 39 47 del
1507 1896 45 47 mio
1584 1894 109 48 lavoro.
1725 1894 32 47 Tra
1789 1893 32 47 gli
1846 1892 58 47 altri
1930 1891 73 48 pregi
2032 1890 42 48 che
2099 1890 23 47 ha
2163 1889 13 47 il

138 1945 176 55 Vocabolario
342 1945 64 53 della
438 1943 114 53 Crusca,
566 1943 16 52 il
603 1942 140 53 migliore,
768 1942 1 51 a
794 1941 45 51 mio
867 1940 108 52 avviso,
988 1940 1 50 o
1021 1939 104 51 almeno
1157 1938 12 50 il
1194 1938 41 50 più
1256 1936 144 51 proficuo,
1421 1936 16 50 si
1466 1936 8 49 è
1499 1935 81 50 quello
1612 1935 20 48 di
1660 1933 144 50 abbondar
1837 1933 22 48 di
1878 1931 128 49 esempli,
2024 1931 78 48 scelti
2127 1930 37 48 con

133 1993 99 50 sommo
264 1990 202 51 accorgimento
498 1990 0 48 e
530 1988 118 50 sagacità
667 1988 23 48 da
722 1986 144 50 purissime
888 1985 87 49 fonti;
994 1984 93 48 talchè
1112 1983 45 48 vien
1192 1980 196 50 meritamente
1420 1979 115 48 riputato
1567 1978 13 48 il
1599 1978 42 47 più
1663 1977 64 47 ricco
1759 1977 0 46 e
1781 1976 10 47 ’l
1813 1976 39 47 più
1874 1974 116 48 prezioso
2018 1972 148 48 repertorio

138 2032 62 46 della
240 2031 82 46 lingua
359 2030 108 46 italica.
494 2028 132 46 Intanto,
651 2027 40 46 per
724 2027 40 45 non
801 2025 138 46 accrescer
973 2025 21 45 di
1025 2023 141 46 soverchio
1203 2022 12 46 il
1246 2021 123 46 volume,
1402 2020 28 46 nè
1458 2019 113 46 potendo
1611 2018 40 46 per
1682 2016 187 47 conseguente
1903 2015 119 46 riportar
2056 2014 61 45 tutti
2145 2013 31 45 gli

138 2070 116 53 esempli
280 2069 41 53 che
355 2068 123 53 trovansi
508 2068 38 52 nel
576 2066 176 53 Vócabolario
789 2064 157 53 registrati,
969 2064 37 52 son
1043 2063 94 52 dovuto
1174 2061 195 53 ristringermi
1395 2061 0 51 a
1432 2060 42 52 ben
1511 2059 101 52 pochi,
1635 2058 37 52 col
1702 2057 67 52 farne
1807 2057 41 51 una
1885 2056 101 52 scelta,
2009 2054 164 53 preferendo

139 2112 101 49 sempre
274 2110 84 50 quelli
382 2109 66 50 che,
472 2109 59 49 oltre
563 2106 177 51 l’autentica,
764 2106 35 50 per
834 2105 55 50 così
913 2104 77 50 dire,
1018 2103 38 51 del
1084 2101 152 52 significato
1271 2101 0 51 e
1302 2100 63 51 delle
1400 2099 66 51 varie
1493 2097 146 53 accezioni
1664 2096 20 52 di
1709 2095 62 53 quel
1799 2094 125 53 vocabolo
1959 2093 41 53 cui
2028 2091 157 54 riferivasi,

136 2152 162 48 contenesse
331 2151 119 47 cziandio
478 2150 11 47 le
522 2149 104 48 forme,
644 2149 0 47 i
670 2148 97 48 diversi
796 2147 72 48 modi
897 2146 0 48 e
926 2146 14 48 le
969 2145 43 49 più
1034 2144 97 49 gentili
1157 2144 18 48 ed
1211 2142 119 50 eleganti
1358 2141 119 50 maniere
1510 2140 18 50 da
1564 2139 97 51 poterle
1694 2138 94 51 usare,
1813 2138 0 50 c
1842 2137 61 51 dove
1936 2136 43 51 pur
2011 2136 15 50 si
2055 2134 132 52 potesse,

139 2191 119 54 eziandio
294 2191 18 52 un
352 2189 119 53 pensiero
507 2188 123 53 elevato,
659 2188 0 51 o
698 2188 40 51 una
778 2186 129 52 profonda
940 2185 148 51 sentenza.
1117 2185 0 49 E
1156 2184 43 49 mio
1236 2183 104 50 special
1369 2182 184 49 divisamento
1589 2181 7 48 è
1625 2181 61 47 stato
1722 2180 15 47 in
1776 2179 87 48 questa
1895 2178 105 47 scelta,
2025 2178 22 46 di
2079 2177 54 46 dare
2162 2177 18 45 a'

144 2229 130 57 Francesi
293 2229 57 56 (cui
373 2229 7 55 è
403 2228 236 56 principalmente
673 2227 88 54 questo
795 2227 111 53 secondo
940 2226 65 53 tomo
1035 2225 183 54 assegnato),
1241 2225 42 52 non
1317 2225 50 51 solo
1401 2224 19 51 un
1462 2224 87 51 piccol
1576 2223 84 51 saggio
1698 2222 190 51 dell’indole,
1915 2222 38 49 del
1976 2222 68 49 genio
2079 2221 0 49 e
2109 2221 65 49 delle

144 2275 41 50 più
216 2273 149 51 pellegrine
399 2272 109 51 bellezze
542 2271 65 50 della
641 2271 88 50 favella
770 2269 130 50 italiana,
923 2269 31 49 ma
988 2269 24 48 di
1043 2268 30 49 far
1107 2267 147 49 conoscere
1288 2266 95 49 altrest
1410 2266 14 48 il
1451 2265 92 48 merito
1580 2264 0 48 e
1604 2264 7 48 'l
1642 2263 85 49 pregio
1761 2263 37 48 de’
1815 2262 44 48 pià
1887 2261 102 49 insigni
2019 2261 17 47 ed
2074 2260 105 48 iHlustri

142 2317 123 46 scrittori
287 2316 40 45 che
358 2315 70 45 vanta
459 2314 132 44 l’italiana
622 2312 179 44 letteratura.

178 2350 102 52 Quindi
305 2350 7 51 è
340 2350 39 51 che
415 2349 24 51 fra
475 2349 60 51 tutti
567 2347 187 52 primeggiano
789 2347 32 50 gli
842 2346 117 51 esempli
980 2346 21 50 di
1026 2345 106 51 Dante,
1154 2344 38 51 del
1217 2343 120 51 Petrarca
1369 2343 0 50 e
1401 2343 35 50 del
1468 2342 170 50 Boccaceio,
1663 2341 67 50 come
1762 2341 0 49 i
1790 2340 81 50 primi
1896 2339 187 50 rigeneratori
2108 2338 64 50 della

142 2398 109 47 lingua,
270 2397 0 47 e
299 2397 70 46 come
398 2396 0 46 i
420 2396 42 46 più
488 2394 118 47 robusti,
625 2394 3 46 i
648 2394 41 46 più
709 2392 115 47 sublimi
846 2391 138 47 scrittori,
1003 2391 0 45 e
1032 2390 0 46 i
1051 2390 42 46 più
1118 2389 132 46 eleganti.
1262 2388 0 45 e
1291 2388 23 45 La
1343 2386 150 47 grandezza
1522 2386 22 45 di
1567 2385 96 45 Dante,
1675 2384 52 45 dice
1756 2384 12 44 il
1791 2383 112 45 Varchi,
1919 2382 41 45 non
1996 2381 38 45 che
2066 2381 35 44 dir
2127 2380 38 45 con

146 2437 103 53 parote,
270 2437 42 52 non
341 2436 14 52 si
376 2436 50 52 può
450 2436 29 51 nè
500 2435 46 52 pur
567 2435 42 51 con
641 2434 11 52 la
680 2434 85 51 mente
793 2432 202 53 immaginare.
1013 2432 0 51 »
1037 2432 0 51 E
1073 2431 39 51 nel
1136 2431 75 51 vero,
1225 2430 11 51 la
1267 2430 39 51 sua
1335 2429 155 51 Commedia
1522 2428 131 51 appellata
1681 2426 195 51 meritamente
1908 2425 106 50 divina,
2028 2425 42 49 dal
2091 2424 82 50 primo

143 2477 72 54 canto
251 2475 180 55 dell’Inferno
468 2475 46 54 sino
551 2475 39 53 all’
608 2474 87 54 altimo
734 2474 40 53 del
803 2473 126 53 Paradiso
965 2472 8 53 è
1001 2472 18 53 un
1059 2472 98 52 oceano
1193 2471 133 52 immenso
1362 2470 22 52 di
1416 2469 119 53 poetiche
1571 2469 112 52 bellezze
1719 2468 98 51 d’ogni
1846 2467 119 52 maniera
2001 2467 0 50 e
2040 2467 22 50 di
2095 2466 86 51 nobili

149 2520 120 54 pensieri
293 2520 0 53 e
322 2520 149 52 profondi,
500 2520 58 51 tutto
591 2520 66 50 parto
690 2520 42 49 del
752 2515 38 53 suo
823 2509 116 59 sublime
968 2507 111 59 ingegno
1108 2514 0 51 e
1137 2505 62 60 della
1232 2503 203 61 straordinaria
1468 2502 17 60 ed
1522 2501 186 60 instancabile
1741 2507 37 52 sua
1811 2499 133 60 fantasia.
1964 2502 13 55 Il
2006 2503 120 54 Petrarca
2159 2506 12 49 in

146 2562 102 51 nuova,
272 2560 98 51 gentile
403 2560 0 49 e
435 2557 135 52 platonica
602 2556 122 51 maniera
753 2553 134 52 poetando
916 2551 130 52 d’amore,
1066 2550 74 51 elevò
1168 2549 45 50 fino
1250 2548 40 50 alle
1319 2547 69 51 stelle
1421 2547 8 53 la
1461 2545 69 58 lirica
1563 2544 106 60 poesia.
1693 2545 41 51 dli
1758 2546 70 51 aurei
1856 2547 57 50 suoi
1938 2548 248 52 componimenti,

147 2599 100 48 aspersi
266 2599 22 47 di
313 2599 60 47 forti
395 2599 0 47 e
426 2598 147 47 bellissimi
595 2597 138 48 concetti,
752 2597 57 47 sono
843 2596 107 47 conditi
978 2596 73 46 d’una
1082 2595 110 47 grazia,
1214 2595 78 46 d’una
1327 2594 103 47 soavità
1452 2594 0 46 e
1481 2594 56 46 d’un
1575 2593 113 46 candore
1719 2592 148 47 mirabile,
1885 2592 0 46 e
1917 2592 59 45 quel
1998 2592 38 45 che
2064 2592 7 45 è
2099 2591 78 45 ancor

148 2637 41 59 più
213 2637 74 58 raro,
303 2640 61 55 tutto
401 2635 77 59 velati
503 2634 53 59 d’un
588 2639 130 54 virginale
747 2640 122 52 pudore,
898 2639 85 51 pregio
1020 2638 41 52 che
1097 2638 12 51 in
1146 2637 37 52 van
1219 2636 17 52 si
1264 2635 98 53 ricerca
1399 2634 36 53 ne’
1448 2634 85 52 Lirici
1562 2632 122 54 antichi.
1708 2631 37 54 E’l
1777 2629 172 55 Boccaccio,
1973 2628 114 55 ingegno
2128 2627 49 54 raro

149 2685 81 48 anch’
243 2685 70 47 egli,
333 2685 0 47 e
370 2684 40 48 nel
433 2684 37 47 suo
503 2683 94 48 genere
624 2681 137 49 sublime,
784 2681 93 48 diffuse
911 2680 60 48 nelle
1001 2679 37 49 sue
1068 2679 73 48 prose
1171 2678 60 48 tutte
1272 2678 10 48 le
1315 2677 87 49 grazie
1435 2675 177 50 dell’italiana
1646 2674 150 49 eloquenza
1826 2673 40 49 con
1903 2673 50 49 arte
1983 2671 167 50 inimitabile
2183 2671 0 49 e

152 2725 188 44 meravigliosa
372 2725 194 43 naturalezza,
591 2725 18 42 sì
634 2724 39 42 che
708 2724 39 42 per
775 2713 160 53 robustezza
963 2713 21 52 di
1012 2713 50 51 stile
1094 2713 18 51 ed
1147 2713 120 51 armonia
1299 2713 121 50 gareggia
1451 2713 68 49 cogl’
1536 2714 103 48 illustri
1667 2714 103 47 oratori
1798 2714 39 46 del
1862 2714 43 46 più
1933 2714 81 45 fiorito
2046 2714 82 45 secolo
2167 2714 21 44 di

153 2764 96 48 Roma.
273 2764 16 47 Il
313 2764 37 47 suo
387 2763 209 47 Decamerone,
623 2762 135 46 comechè
783 2761 101 46 sembri
912 2761 0 45 a
943 2760 80 46 prima
1066 2760 55 45 vista
1158 2759 110 46 trattare
1305 2758 160 45 argomenti
1489 2758 22 44 di
1539 2757 169 45 passatempo
1741 2756 0 44 e
1769 2756 25 44 di
1818 2755 148 45 trastullo,
1993 2755 31 43 ma
2052 2755 39 43 che
2122 2754 59 44 pure

153 2808 121 43 contiene
307 2807 15 44 in
355 2807 22 43 sè
399 2807 11 43 il
439 2807 85 43 pregio
557 2807 22 43 di
608 2806 44 44 una
689 2806 48 43 viva
773 2804 0 45 e
810 2795 66 54 fedel
902 2795 136 54 dipintura
1071 2795 40 53 de'
1126 2795 88 53 guasti
1236 2796 0 52 e
1269 2796 144 52 depravati
1442 2796 121 51 costumi
1582 2796 40 51 del
1644 2796 37 51 suo
1717 2796 111 50 secolo,
1846 2796 11 50 il
1883 2797 205 49 Decamerone,
2111 2797 77 48 dico,

156 2848 189 44 somministra
374 2848 19 43 da
422 2847 22 44 sè
467 2847 48 43 solo
547 2846 105 44 esempi
675 2846 0 43 a
707 2845 89 44 fusone
825 2844 93 45 d’ogni
941 2844 92 44 genere
1065 2843 61 45 onde
1155 2842 151 45 arricchire
1334 2842 23 44 un
1392 2841 131 45 completo
1555 2840 106 45 trattato
1690 2840 22 45 di
1738 2839 131 45 Rettorica
1898 2838 131 46 italiana.

188 2884 155 49 Procedono
379 2883 41 49 poi
453 2882 69 50 mano
563 2882 73 49 mano
673 2881 33 50 gli
732 2880 117 51 esempli
875 2879 70 51 degli
974 2879 62 50 altri
1066 2878 88 51 autori
1180 2877 40 52 del
1249 2877 59 51 300,
1338 2876 40 52 non
1422 2875 70 52 meno
1536 2874 59 53 puri
1628 2874 0 53 e
1664 2873 140 53 pregevoli
1830 2872 40 54 che
1903 2872 0 53 i
1929 2871 180 54 precedenti,
2134 2870 55 54 indi

152 2935 116 56 seguono
295 2950 81 38 quelli
400 2950 69 36 degli
493 2950 100 35 illustri
617 2950 123 33 scrittorl
764 2950 38 31 uel
822 2950 62 36 6uo,
903 2950 0 37 e
934 2950 20 38 ue
985 2950 34 31 plu
1050 2947 109 39 purgatr
1178 2947 113 33 derooo.
1314 2947 35 29 rru
1380 2947 0 29 l
1403 2947 62 30 quan
1500 2947 19 30 no
1550 2947 85 30 spe.so
1666 2947 117 30 crtatoir
1810 2947 112 30 varenr,
1945 2947 240 31 prmerparmente

2287 14 64 93 6I

2308 126 20 75 2
