2480 3280
246 107 31 80 un

1130 105 297 64 PREFAZIONE.

235 184 16 69 il
269 185 40 67 suo
341 186 160 66 Eccolano,
524 189 68 61 tanto
625 190 39 58 per
697 176 68 72 esser
793 174 97 72 dettato
923 184 39 61 con
995 187 102 57 somma
1126 170 96 73 purità
1245 169 20 72 ed
1302 169 160 72 eleganza,
1480 175 102 64 quanto
1616 170 105 67 perché
1740 168 20 68 si
1783 165 131 70 spiegano
1946 171 16 62 in
1994 169 49 64 esso
2076 166 73 66 molti
2182 164 126 67 proverbi

238 238 0 53 e
267 236 166 55 particolari
455 235 119 54 maniere
602 235 22 52 di
653 233 151 53 favellare,
829 232 144 53 utilissime
1002 231 0 52 a
1035 230 111 52 sapere.
1175 230 22 51 Ed
1236 229 65 51 oltre
1337 228 0 51 a
1373 228 65 51 ciò,
1467 227 43 51 non
1550 226 22 51 ho
1608 226 43 50 pur
1680 224 126 52 mancato
1842 224 21 50 di
1892 223 69 50 usare
1993 223 15 49 in
2044 222 90 50 questi
2159 220 104 51 esempi
2292 220 11 49 la

240 280 156 53 scrupolosa
427 279 132 52 diligenza
591 278 20 51 di
639 277 83 52 andar
750 276 73 51 tratto
858 275 73 51 tratto
962 274 146 51 notando,
1129 272 121 52 secondo
1281 272 7 50 è
1309 271 21 51 oc
1351 270 104 51 corso,
1479 270 11 50 le
1521 268 142 51 locuzioni
1695 267 76 51 latine
1809 266 101 50 imitate
1948 265 69 50 dagli
2042 264 90 50 autori
2156 264 0 49 e
2198 262 115 50 special¬

240 326 86 47 meute
352 326 38 46 dc'
404 334 174 37 traduttori,
595 335 41 34 con
666 335 62 34 citar
751 335 11 33 le
796 335 85 33 palole
905 335 0 32 e
935 335 10 31 le
969 335 65 31 lr’asl
1058 335 78 30 latine
1167 335 150 29 corrispon
1347 335 44 27 acl.
1405 335 14 27 er
1443 335 17 26 ar
1483 335 86 26 testo,
1589 335 71 25 comt
1688 335 24 24 no
1749 331 133 27 pratlcato
1909 331 37 26 per
1970 331 82 25 racrto
2083 331 37 24 der
2144 331 20 24 pu
2202 331 109 23 annaer,

241 363 39 54 per
312 362 124 54 l’Eneide
467 361 40 53 del
534 360 61 53 Caro
630 360 1 52 e
661 359 37 53 pe'
711 356 252 55 volgarizzamenti
987 356 26 52 di
1037 354 117 54 Palladio
1196 354 1 52 e
1232 353 22 52 di
1292 351 139 54 Vegezio.
1455 350 68 53 Oltre
1551 350 14 52 il
1597 349 60 52 600,
1685 347 170 53 pochissimi
1891 346 88 52 autori
2007 344 128 53 moderni
2163 343 21 52 ho
2216 342 99 52 citati,

241 406 1 44 e
270 405 39 44 nel
335 404 48 45 solo
411 403 54 45 caso
496 403 25 44 di
546 402 78 44 dover
655 400 174 45 confermare
861 398 92 45 alcuni
981 397 128 44 vocaboli
1138 395 159 45 scientifici
1329 394 50 43 nor
1396 392 150 45 ellamente
1582 390 167 44 introdotti.
1776 389 47 43 Non
1858 389 20 42 ho
1911 387 105 44 creduto
2052 386 41 43 poi
2116 385 77 43 dover
2228 384 79 43 citare

241 445 114 52 esempli
380 444 94 51 d’altri
498 443 90 51 autori
609 441 128 52 moderni
765 439 149 52 posteriori
939 439 17 51 al
977 438 62 51 600,
1060 438 21 50 sì
1102 437 108 51 perchè
1234 435 156 51 mancanti
1418 432 229 52 dell’autorevole
1682 431 135 51 impronta
1852 430 21 50 di
1900 429 132 50 Classici,
2057 428 69 50 come
2154 427 42 50 per
2223 426 80 50 essere

240 487 87 50 affatto
367 485 110 50 inutili;
507 483 167 51 perciocchè
704 483 10 48 il
744 482 71 49 voler
845 480 130 50 posporre
1012 480 0 48 i
1038 478 120 49 sublimi
1189 478 0 48 e
1222 476 187 49 sentenziosi
1442 474 117 49 esempli
1592 473 24 48 di
1646 472 77 48 Dante
1759 472 0 47 e
1796 471 40 47 del
1870 469 120 48 Petrarca
2030 469 17 47 ad
2093 467 144 48 un’arietta
2274 466 40 47 del

239 522 180 53 Metastasio,
438 522 1 51 o
470 521 1 51 a
502 520 21 52 un
558 518 69 53 verso
654 517 41 53 del
718 514 93 56 Parini
838 514 1 54 e
866 513 37 55 del
930 514 105 53 Monti,
1058 510 149 56 ancorchè
1234 508 46 56 nel
1303 510 101 53 genere
1439 508 49 54 loro
1519 502 177 59 rispettabili
1719 502 113 57 autori,
1859 503 1 54 o
1891 503 61 54 pure
1983 503 145 53 anteporre
2163 504 25 50 un
2223 504 81 49 esem¬

242 567 102 52 piuccio
370 566 43 52 del
436 565 78 52 Verri
530 565 1 51 e
558 564 39 52 del
620 563 105 52 Foscolo
759 562 22 51 ad
814 562 22 51 un
867 560 157 52 armonioso
1058 558 111 52 periodo
1208 557 38 52 del
1270 555 184 53 Boccaccio,
1478 555 0 51 e
1510 554 10 52 in
1555 553 83 52 quelle
1673 552 52 52 voci
1752 550 229 53 massimamente
2006 549 14 51 la
2044 548 45 52 cui
2106 548 52 51 data
2190 546 114 52 rimonta

240 605 46 56 fino
315 604 158 55 all’origine
502 603 60 53 della
587 602 114 52 lingua,
718 601 113 51 sarebbe
853 600 91 49 stato,
961 599 1 48 a
991 598 91 48 creder
1107 598 72 46 mio,
1200 597 46 45 una
1275 596 53 45 ride
1350 596 53 44 vole
1432 594 147 44 puerilità.

282 651 34 52 Tra
350 651 11 51 le
391 649 63 52 altre
480 648 53 52 cose
566 646 127 53 aggiunte
727 645 41 52 dal
791 643 112 53 Barberi
933 642 37 53 nel
996 640 105 54 disegno
1138 637 187 55 dell’opera,
1347 636 60 53 evvi
1437 635 11 53 ta
1482 632 175 56 spiegazione
1687 630 142 55 ragionata
1858 629 24 54 de
1907 628 57 54 tutte
1993 627 16 54 te
2030 625 136 56 diffioultà
2187 624 61 55 delle
2269 623 42 55 due

243 685 102 54 lingue,
377 684 118 53 francese
526 683 0 53 e
558 682 134 54 italiana,
716 680 169 54 intendendo
920 680 52 52 egli
999 679 40 52 con
1078 678 35 52 ciò
1144 678 25 51 di
1199 677 72 52 voler
1306 676 123 52 risolver
1467 675 60 51 tutto
1566 674 40 51 per
1637 673 87 51 ragion
1759 673 24 50 di
1806 671 202 51 grammatica.
2030 670 49 50 Che
2113 669 72 50 possa
2220 668 87 50 questo

244 732 143 46 convenire
424 731 40 45 alla
497 729 87 46 lingua
611 727 137 47 francese,
768 727 40 45 non
838 725 87 47 oserei
951 723 134 47 negarlo;
1112 722 33 47 ma
1175 721 44 47 non
1252 720 67 47 però
1345 717 184 49 l’affirmerei
1556 715 107 49 rispetto
1693 715 43 48 alla
1766 713 87 49 lingua
1883 711 127 50 italiana.
2033 709 127 50 Allorchè
2182 708 58 49 que'
2256 707 58 50 dot¬

243 771 101 52 tissimi
371 770 84 51 nostri
483 769 86 51 autori
594 768 38 50 del
656 768 35 49 300
726 765 184 52 intrapresero
944 765 0 49 a
976 763 166 50 dirozzare,
1167 761 170 50 ingentilire
1365 761 20 47 ed
1417 759 156 49 arricchire
1601 759 10 46 il
1632 758 97 47 rustico
1767 756 105 47 volgare
1906 755 132 46 italiano,
2066 754 42 45 non
2142 753 70 45 furon
2247 752 62 45 certo

245 814 105 51 guidati
379 813 61 50 dalla
469 810 206 52 grammatica,
700 808 101 51 perchè
819 806 115 51 nessuna
967 805 61 50 v’era
1061 803 108 51 allora,
1190 802 33 50 ma
1255 802 18 49 si
1302 800 69 50 bene
1407 798 97 51 tolsero
1540 798 0 49 a
1569 796 115 50 modello
1720 793 148 51 gl’illustri
1893 791 127 51 scrittori
2040 789 153 51 dell’aureo
2228 787 84 50 secolo

248 854 20 44 di
294 852 134 45 Augusto;
458 852 13 44 il
491 851 40 45 che
565 850 83 45 chiaro
681 850 17 44 si
721 849 74 45 prova
831 848 37 45 per
898 847 57 46 poco
991 846 41 46 che
1062 846 16 45 se
1112 845 23 46 ne
1165 844 83 46 faccia
1282 844 13 45 il
1322 842 173 47 confronto.
1518 841 24 47 Le
1572 840 157 47 immortali
1752 839 77 47 opere
1859 838 46 47 loro
1939 837 70 47 furon
2045 836 97 47 dettate
2179 835 37 47 per
2249 834 60 48 forza

245 894 173 49 d’ingegno,
443 893 17 48 ed
495 892 76 48 ebber
602 890 66 49 tanto
703 889 83 49 valore
817 888 21 49 da
870 887 97 49 render
994 885 80 50 ferma
1102 885 0 48 e
1137 883 97 50 stabile
1265 882 14 50 la
1317 881 111 50 novella
1463 879 111 50 lingua,
1595 878 0 50 e
1626 878 21 50 da
1675 876 97 51 servire
1810 874 94 52 altresi
1931 874 18 50 di
1977 872 86 52 norma
2095 872 20 51 ai
2139 869 178 53 susseguenti

245 936 139 53 scrittori.
408 935 24 52 Ed
463 935 7 51 è
491 933 66 53 tanto
585 932 42 52 ciò
651 931 69 53 vero,
741 930 38 52 che
810 929 49 53 solo
890 928 59 53 dopo
984 927 41 52 due
1064 925 104 53 secoli,
1188 925 14 52 in
1240 923 39 53 sul
1306 921 167 54 cominciar
1503 920 39 53 del
1566 919 63 53 500,
1647 918 13 53 il
1688 917 94 53 Bembo
1817 916 10 53 fu
1862 915 14 53 il
1900 914 80 54 primo
2014 913 0 53 a
2046 911 100 55 dettare
2177 911 0 53 i
2202 909 114 55 precetti

249 975 59 52 dello
339 970 119 56 scrivere
489 969 0 55 e
525 965 106 58 favellar
659 963 122 59 gentile,
805 965 59 55 colle
907 965 36 53 sue
978 962 122 55 eleganti
1128 962 98 53 Prose,
1250 962 185 52 fondandoli
1459 963 63 48 tutti
1550 956 201 54 sull’autorità
1770 954 24 53 di
1822 953 94 54 Dante,
1940 954 39 51 del
2003 955 122 49 Petrarca
2157 956 0 46 e
2188 957 36 45 del
2251 957 63 44 Boc¬

244 1016 86 55 caccio
360 1016 0 53 :
379 1016 0 52 e
409 1014 56 54 così
483 1013 45 53 pur
554 1012 79 53 fecero
667 1011 11 52 il
700 1009 124 54 Salviati,
846 1008 37 52 ne'
898 1007 56 52 suoi
980 1003 225 54 Avvertimenti,
1230 1003 20 50 ed
1283 1001 64 51 altri
1376 998 177 52 Gramatici.

284 1055 54 52 Egli
359 1055 7 51 è
384 1054 40 52 poi
449 1052 188 53 indubitabile
662 1052 39 52 che
727 1051 61 52 ogni
809 1050 87 52 lingua
925 1049 21 52 ha
975 1049 11 52 il
1008 1047 140 53 privilegio
1188 1047 21 52 di
1231 1046 76 53 avere
1335 1044 119 54 l’indole
1483 1044 40 52 sua
1555 1042 130 54 propria,
1706 1042 11 52 il
1739 1041 72 53 genio
1840 1040 36 53 suo
1904 1038 188 55 particolare,
2106 1038 14 53 la
2149 1037 36 54 sua
2214 1036 101 54 special

243 1094 145 52 fisonomia
413 1094 1 50 e
440 1093 15 51 le
480 1092 105 52 proprie
614 1092 37 50 sue
680 1091 121 51 maniere
827 1091 21 49 di
868 1089 150 51 favellare,
1035 1089 13 49 le
1075 1088 97 50 quali,
1195 1087 110 50 purchè
1329 1087 76 49 sieno
1442 1085 113 49 dall’uso
1585 1084 194 49 autorizzate,
1799 1084 17 47 si
1842 1083 117 48 vogliono
1989 1081 164 48 conservare
2179 1081 0 46 e
2209 1080 97 47 rispet¬

244 1136 72 46 tare,
336 1134 144 47 ancorchè
502 1133 97 47 fossero
632 1133 21 46 da
686 1131 117 48 un’altra
834 1130 85 47 lingua
953 1128 122 48 diverse.
1096 1127 61 48 Quin
1184 1127 21 48 di
1229 1126 6 48 è
1259 1126 45 48 che
1338 1125 61 49 pare
1419 1124 58 49 cchi
1504 1123 75 49 modi
1600 1122 20 50 di
1651 1121 51 50 dire
1739 1120 85 50 nobili
1848 1120 0 50 e
1876 1118 119 51 graziosi
2025 1118 14 50 in
2080 1117 20 51 un
2138 1115 177 52 linguaggio,

243 1172 141 56 traslalati
405 1172 12 54 in
452 1172 23 54 un
507 1171 90 54 altro,
618 1170 144 54 diventano
798 1170 118 52 ignobili
938 1170 0 51 e
971 1169 77 51 goffi.
1070 1169 22 50 La
1129 1168 81 51 stessa
1243 1168 139 49 metafora
1419 1168 40 48 che
1492 1168 15 47 fa
1537 1168 80 46 degna
1650 1168 19 45 ed
1702 1168 121 45 elegante
1856 1168 136 43 comparsa
2029 1168 11 41 in
2076 1168 44 41 una
2153 1168 118 40 lingua,
2293 1168 11 38 in

246 1219 116 51 un’altra
392 1218 8 50 è
426 1217 120 51 ignobile
579 1217 1 49 e
606 1215 144 51 sgarbata.
773 1215 25 49 Un
831 1213 130 50 costrulto
992 1212 119 49 regolare
1148 1211 0 49 e
1179 1210 123 49 corretto
1339 1209 14 48 in
1394 1208 74 49 una,
1496 1207 102 49 imitato
1635 1206 14 48 in
1683 1206 44 47 un'
1744 1205 85 48 altra,
1856 1204 79 47 riesce
1965 1202 147 48 irregolare
2139 1202 0 46 e
2166 1200 150 48 scorretto.

246 1257 46 55 Chi
315 1256 129 55 oserebbe
471 1255 57 55 dir,
547 1255 42 54 per
612 1254 38 55 es.
673 1254 11 54 in
718 1253 130 55 italiano:
871 1253 15 53 Io
909 1252 49 54 amo
985 1252 0 53 a
1015 1252 57 53 Dio,
1091 1252 0 52 o
1122 1251 11 53 in
1167 1250 130 54 francese
1323 1250 0 52 :
1346 1250 27 52 J’a
1396 1249 45 52 ime
1468 1249 11 52 à
1498 1249 80 52 Dieu,
1597 1248 73 52 senza
1700 1247 183 52 commettere
1913 1246 23 51 un
1966 1245 160 51 madornale
2153 1244 164 51 solecismo?

248 1297 1 55 E
287 1296 58 56 pure
372 1296 11 55 in
418 1295 160 56 ispagnuolo
616 1295 15 54 si
658 1294 54 55 dice
743 1294 68 54 assai
839 1292 252 55 correttamente:
1122 1292 15 53 Yo
1172 1292 53 52 amo
1264 1292 0 52 a
1306 1291 74 52 Diar.
1412 1290 181 52 L’accordare
1632 1290 10 51 il
1670 1289 75 51 nome
1776 1288 135 51 collettivo
1950 1287 131 51 singolare
2116 1287 39 50 col
2183 1286 71 50 verbo
2293 1286 14 49 in

249 1339 123 53 plurale,
394 1335 142 55 ancorchè
557 1334 28 55 sia
618 1330 135 58 contrario
778 1332 43 55 alla
850 1328 131 58 material
1000 1328 80 57 forma
1114 1328 255 56 grammaticale,
1396 1328 7 53 è
1430 1328 61 53 però
1514 1328 144 52 conforme
1685 1328 46 50 alla
1765 1328 106 49 ragione
1902 1328 0 48 e
1932 1328 42 48 alla
2005 1328 76 47 figura
2111 1328 65 46 detta
2206 1328 111 45 sillessi,

247 1383 17 43 ed
293 1382 7 44 è
322 1382 24 43 un
378 1380 122 45 elegante
525 1378 165 46 latinismo,
708 1375 247 47 frequentemente
984 1374 69 46 usato
1086 1373 140 47 da’nostri
1256 1371 134 47 migtiori
1416 1369 108 48 autori.
1547 1369 0 47 «
1576 1368 92 48 L’inno
1697 1367 43 48 che
1773 1366 81 48 quella
1887 1365 69 48 gente
1982 1364 62 49 allor
2074 1363 104 49 cantaro
2204 1362 27 49 »,
2253 1361 59 50 disse

250 1414 101 62 Dante,
370 1414 1 61 e
398 1414 37 61 Gio
466 1413 101 61 Villani
591 1413 1 60 :
611 1412 1 61 «
643 1412 13 60 Il
679 1411 93 61 popolo
808 1411 76 60 erano
916 1409 144 61 ignoranti
1084 1409 40 59 del
1152 1409 52 59 vero
1240 1408 12 59 Id
1276 1408 37 59 dio
1349 1407 20 59 ».
1393 1407 32 59 Ma
1461 1406 88 59 questo
1585 1405 76 59 modo
1697 1405 68 58 però
1785 1404 44 58 non
1861 1404 8 57 è
1897 1403 117 58 adottato
2046 1403 12 57 in
2094 1402 136 57 francese.
2254 1401 16 57 Il
2290 1401 32 56 est

255 1464 46 53 trop
329 1464 78 52 faible
432 1463 60 52 pour
520 1462 138 53 supporter
686 1461 22 52 un
746 1461 15 52 si
785 1460 78 52 grand
892 1459 92 52 poids,
1005 1458 95 52 dicono
1136 1457 70 52 assai
1231 1455 248 53 acconciamente
1514 1455 0 51 i
1542 1453 153 53 Francesi,
1719 1453 15 51 la
1765 1452 64 52 qual
1857 1451 142 52 locuzione
2034 1450 82 52 però,
2151 1449 113 52 tradotta
2300 1448 14 51 in

249 1503 1 53 i
263 1502 94 54 taliano
393 1501 88 53 verbum
526 1500 91 52 verbo,
643 1499 81 52 riesce
753 1498 135 52 erronea,
914 1497 104 51 sconcia
1051 1497 0 49 e
1081 1495 247 51 inintelligibile,
1358 1495 43 47 per
1431 1494 40 47 cui
1498 1494 43 46 dar
1565 1493 10 47 le
1601 1493 17 46 si
1645 1493 40 46 dee
1715 1492 23 46 un
1775 1492 60 45 altro
1865 1491 73 45 giro,
1962 1491 0 44 e
1992 1490 50 44 dire
2072 1490 0 43 :
2098 1489 51 44 Eqti
2172 1489 0 43 e
2202 1488 90 44 tanto,
2312 1488 0 42 o

249 1544 49 44 cosi
324 1544 79 43 debole
426 1543 40 44 che
492 1543 37 43 non
561 1542 49 44 può
627 1541 145 44 sostenere,
792 1540 1 44 o
825 1540 19 44 da
874 1540 36 44 non
943 1539 66 44 poter
1039 1537 132 46 sostenere
1201 1537 21 45 ten
1261 1537 15 44 si
1304 1536 60 45 gran
1403 1535 69 45 peso.
1493 1535 0 45 E
1529 1534 15 45 si
1571 1534 51 45 dice
1658 1533 84 45 anche
1769 1532 12 46 in
1817 1531 117 46 francese
1967 1531 0 45 :
1991 1530 99 46 Malgré
2117 1529 30 46 son
2177 1529 51 46 pére
2255 1529 0 45 e
2282 1528 33 46 aut

251 1584 39 52 qré
316 1584 20 51 de
369 1583 32 52 son
438 1582 69 52 pere.
533 1581 104 53 Perchè
662 1579 176 54 supprimere
873 1578 11 53 la
922 1576 194 54 preposizione
1150 1575 42 54 de,
1223 1574 38 54 nel
1291 1573 92 54 primo
1417 1571 144 55 esempio,
1588 1570 42 55 che
1664 1570 42 54 pur
1740 1568 114 56 sarebbe
1889 1566 118 57 regolare
2033 1565 111 56 averla,
2163 1564 68 56 com'
2246 1564 8 56 è
2285 1563 38 56 nel

246 1624 141 52 secondo?
413 1624 61 51 Pure
503 1623 44 51 chi
573 1622 102 52 dicesse
706 1621 104 52 Malgré
831 1621 17 51 de
876 1621 31 51 son
942 1620 52 52 père
1022 1620 0 51 e
1049 1620 32 51 aut
1105 1619 42 52 gré
1167 1619 32 51 son
1233 1618 80 52 pére,
1334 1617 115 52 farebbe
1476 1617 46 51 due
1549 1616 198 52 solennissime
1778 1614 233 52 sconcordanze,
2032 1614 38 51 per
2098 1613 62 51 che:
2181 1612 139 52 malgrado

252 1666 34 48 suo
325 1663 89 50 padre,
435 1663 1 49 e
465 1659 133 53 malgrado
630 1657 56 54 cio,
714 1656 16 54 in
769 1654 52 56 vece
853 1654 24 55 di
906 1654 136 55 matgrado
1075 1654 22 54 de
1137 1654 37 53 suco
1207 1654 95 53 padre,
1335 1654 0 52 e
1376 1654 40 51 non
1460 1654 99 51 ostante
1592 1654 44 50 eto,
1665 1654 59 49 sono
1761 1654 44 48 due
1845 1654 162 48 gallicismi.
2036 1654 84 46 Ecco,
2146 1654 37 45 per
2220 1654 95 45 quanto

248 1705 1 53 a
276 1705 33 53 me
336 1704 132 53 sembra,
485 1703 1 52 a
513 1703 40 52 che
580 1702 151 52 riduconsi
757 1702 41 51 per
822 1701 14 51 lo
868 1701 39 50 più
932 1701 10 50 le
967 1700 110 50 ragioni
1095 1698 191 51 gramaticali
1311 1698 14 49 in
1360 1698 60 48 fatto
1452 1697 21 48 di
1495 1697 109 48 lingua,
1626 1696 63 47 nelle
1718 1695 77 47 quali
1813 1695 14 46 la
1852 1694 106 47 miglior
1987 1693 106 47 ragione
2121 1693 0 45 e
2149 1693 11 45 la
2192 1693 32 45 piu
2259 1692 60 45 forte

257 1747 1 51 c
285 1746 92 51 l’uso,
395 1745 57 49 quem
489 1745 73 47 penes
586 1744 136 45 arbitrium
765 1743 29 41 est
821 1743 14 40 et
859 1742 38 41 jus
926 1742 15 41 et
963 1741 85 42 norma
1086 1740 141 43 toquendi.
1252 1739 88 44 Mosso
1374 1738 101 45 perciò
1500 1738 18 45 da
1553 1737 19 46 sì
1597 1737 56 45 fatte
1685 1735 254 47 considerazioni,
1958 1734 40 48 non
2039 1734 22 48 ho
2099 1733 106 49 creduto
2243 1732 78 50 dover

249 1786 104 52 seguire
386 1786 14 48 in
436 1785 91 48 questa
563 1784 67 46 parte
656 1784 14 44 il
693 1783 104 44 metodo
836 1783 38 42 del
906 1782 128 43 Barberi,
1057 1781 34 44 ma
1127 1781 14 44 in
1184 1780 57 45 vece
1274 1780 70 45 atten
1368 1779 20 46 er
1408 1779 33 46 mi
1474 1779 17 46 a’
1508 1778 90 47 nostri
1628 1777 90 48 autori
1748 1776 127 49 classici,
1898 1776 40 49 che
1975 1775 13 50 in
2025 1775 56 50 fatto
2118 1774 24 51 di
2168 1773 150 52 gramatica

250 1826 112 52 italiana
391 1825 85 52 hanno
505 1823 161 53 altrimenti
688 1821 160 53 ragionato.
871 1819 103 54 Laonde
1004 1819 19 52 ho
1057 1818 58 53 tolti
1137 1817 42 53 per
1210 1816 45 54 più
1282 1815 91 54 sicura
1407 1814 80 54 guida
1521 1813 12 54 il
1559 1812 118 55 Bembo,
1696 1812 12 53 il
1730 1810 137 55 Salviati,
1890 1810 12 54 il
1928 1807 205 56 Buommattei,
2156 1807 12 55 il
2187 1805 140 56 Cinonio,

255 1873 134 45 l’Amenta
418 1873 0 43 e
447 1870 234 46 l’accuratissimo
713 1868 163 45 Corticelli,
895 1868 10 44 la
940 1867 39 44 cui
1004 1865 148 46 gramatica
1187 1865 6 44 è
1216 1865 22 44 un
1273 1863 77 45 sunto
1385 1863 26 44 di
1440 1861 99 46 quanto
1571 1860 96 45 aveano
1699 1860 13 44 in
1744 1858 90 46 questo
1869 1857 93 45 genere
1991 1855 106 46 trattato
2125 1855 0 45 i
2151 1854 58 46 suoi
2234 1853 93 46 prede¬

254 1914 118 50 cessori.
392 1914 1 49 E
430 1913 159 49 finalmente
618 1913 39 47 per
682 1913 42 47 non
759 1913 127 46 mancare
915 1913 0 45 a
945 1913 88 44 nulla,
1050 1913 35 43 son
1135 1913 47 42 pur
1218 1913 23 42 ito
1285 1913 79 41 tratto
1403 1913 79 40 tratto
1523 1913 141 39 cennando
1699 1913 0 37 i
1728 1913 168 37 gallicismi,
1922 1913 38 35 con
2001 1913 121 34 inuicare
2151 1913 120 33 eziandio
2307 1913 11 31 la

261 1956 119 44 maniera
409 1955 22 42 di
455 1949 188 47 correggerli.

292 1991 1 49 E
332 1989 87 51 questa
447 1989 8 50 è
476 1989 12 49 in
526 1988 70 50 fine,
617 1986 112 51 benigno
761 1986 1 50 e
790 1984 102 52 cortese
919 1983 113 52 lettore,
1054 1983 11 51 la
1101 1982 29 52 via
1158 1981 26 52 da
1220 1981 36 52 me
1285 1979 122 53 tenuta.
1429 1978 39 53 per
1494 1977 108 54 potere,
1620 1975 115 55 secondo
1764 1975 15 53 il
1797 1974 82 54 carico
1916 1972 122 55 toltomi,
2060 1970 158 56 proseguire
2247 1970 0 55 e
2280 1969 50 55 ter¬

255 2032 101 50 minare
383 2031 91 49 questo
505 2029 115 50 secondo
647 2028 67 50 tomo
737 2028 74 49 (salvo
846 2027 10 48 le
877 2026 45 49 due
950 2025 80 49 prime
1061 2024 87 49 lettere
1189 2023 59 49 fatte
1276 2023 42 48 dal
1338 2021 136 49 Barberi,
1494 2021 0 47 e
1519 2020 100 48 vivente
1647 2019 35 48 lui
1703 2018 152 48 stampate,
1876 2017 69 47 come
1973 2016 63 47 testè
2060 2015 21 47 ho
2112 2014 83 47 detto)
2213 2014 0 46 ;
2237 2013 80 47 lavoro

256 2074 132 50 immenso
416 2073 14 49 in
464 2073 43 49 cui
531 2072 43 49 non
608 2072 20 49 ho
666 2070 155 50 trascurato
855 2070 23 48 di
909 2068 129 50 spendere
1070 2067 113 49 intorno
1215 2066 83 49 molto
1333 2065 93 49 tempo
1458 2065 0 47 e
1484 2064 77 48 molta
1589 2063 74 48 fatica
1692 2063 0 47 a
1721 2062 32 48 far
1778 2062 20 47 sà
1820 2061 38 48 che
1891 2060 147 48 riuscisse,
2057 2059 42 48 non
2128 2058 51 48 dico
2211 2058 64 47 mica
2304 2057 13 47 in

256 2114 91 50 tutto,
365 2114 33 49 ma
429 2113 14 49 in
477 2112 68 49 parte
573 2111 103 49 almeno
707 2109 178 49 satisfacente
920 2109 19 47 al
968 2108 80 47 vostro
1080 2107 99 47 genio.
1205 2107 22 46 Se
1263 2105 89 47 prima
1388 2105 25 45 di
1442 2103 205 47 pronunziarvi
1673 2103 16 44 su
1721 2102 13 44 il
1762 2101 80 45 vostro
1887 2100 141 44 giudizio,
2051 2099 16 43 vi
2102 2098 141 44 degnerete
2285 2097 38 43 por

256 2154 86 52 mente
371 2153 43 51 alla
449 2151 142 52 debolezza
629 2151 40 50 del
701 2150 44 50 mio
783 2148 112 51 ingegno
927 2148 14 49 in
976 2146 145 50 confronto
1150 2145 46 48 alla
1225 2143 148 49 difficultà
1399 2142 42 48 del
1464 2141 115 48 lavoro,
1595 2141 20 46 al
1638 2139 85 48 tempo
1752 2138 105 47 infinito
1886 2138 20 45 da
1935 2137 30 46 me
1991 2135 147 47 impiegato
2164 2135 0 44 a
2194 2134 29 45 far
2259 2133 66 45 tante

256 2196 95 52 penose
380 2196 1 50 e
403 2195 21 51 sì
440 2194 104 52 minute
570 2192 144 52 ricerche,
730 2191 44 51 alla
803 2189 158 53 privazione
988 2189 20 50 di
1035 2188 66 51 certi
1125 2186 116 52 comodi
1271 2186 17 50 ed
1332 2185 66 51 altri
1428 2183 127 51 letterari
1578 2182 90 51 aiuti,
1688 2181 74 50 spero
1799 2180 36 50 che
1872 2179 107 50 vogliate
2012 2177 113 51 essermi
2149 2175 183 51 indulgente,

258 2239 1 47 e
292 2237 107 49 tollerar
432 2234 218 50 benignamente
682 2233 61 49 que'
755 2233 55 48 falli
835 2232 1 48 e
869 2231 81 49 quelle
980 2228 203 51 imperfezioni
1213 2227 40 50 che
1287 2226 47 50 non
1374 2225 86 50 poche
1494 2224 40 50 per
1560 2222 144 51 avventura
1737 2219 214 53 incontrerete,
1974 2217 153 52 avvenute,
2151 2217 40 51 non
2224 2216 37 51 già
2288 2215 36 51 per

261 2281 43 49 mia
339 2275 124 54 incuria,
486 2273 31 53 ma
547 2271 16 54 si
589 2268 63 56 bene
682 2270 40 53 per
753 2265 81 57 quella
868 2263 156 57 inevitabile
1054 2263 125 54 fatalità,
1201 2263 43 52 cui
1274 2263 21 50 va
1329 2263 229 50 comunemente
1588 2263 117 45 soggetta
1739 2257 117 49 l’umana
1886 2250 159 54 debolezza.

295 2315 144 55 Restami,
462 2315 38 52 per
533 2313 117 53 ultimo,
670 2313 1 51 a
700 2312 97 51 render
823 2311 45 50 qui
892 2310 24 50 un
953 2309 123 50 attestato
1113 2308 24 49 di
1165 2307 78 49 stima
1280 2307 0 47 e
1314 2306 41 47 cor
1376 2305 68 47 diale
1481 2303 201 48 riconoscenza
1713 2302 0 45 e
1747 2300 174 47 gratitudine
1955 2299 41 44 all’
2013 2298 102 44 egregio
2144 2298 1 42 e
2179 2297 69 43 dotto
2281 2296 42 42 mio

258 2358 84 52 amico
373 2357 55 51 Sig.
449 2355 134 52 Giuseppe
611 2353 113 52 Campi,
741 2352 62 51 delle
831 2351 91 50 lettere
950 2349 105 51 italiane
1084 2347 180 51 benemerito
1296 2347 0 47 e
1322 2345 72 49 inten
1419 2343 187 50 dentissimo,
1621 2342 14 48 it
1657 2341 72 48 quale
1758 2341 39 47 con
1830 2339 65 48 tanta
1923 2338 80 47 bontà
2024 2338 0 46 e
2050 2336 129 47 cortesia,
2197 2335 44 46 non
2273 2334 47 46 men

259 2400 40 50 che
323 2397 213 52 accuratissima
567 2394 156 51 diligenza,
740 2393 22 50 ha
793 2391 114 51 prestata
939 2389 96 51 l’opera
1063 2388 39 50 sua
1134 2387 63 50 nella
1233 2384 176 51 correzione
1445 2382 63 50 delle
1540 2381 82 50 prime
1652 2379 100 50 bozze,
1769 2377 118 50 venendo
1918 2375 78 50 ancor
2020 2374 72 50 tratto
2126 2372 76 50 tratto
2232 2371 12 50 in
2278 2370 44 50 mio

257 2439 123 55 soccorso
415 2439 38 51 con
486 2437 92 51 sagaci
604 2434 192 51 osservazioni
820 2434 42 45 per
889 2432 150 45 emendare
1070 2430 91 45 taluni
1192 2429 90 46 sbagti
1310 2426 191 48 trascorsimi
1525 2425 21 48 di
1570 2424 111 49 penna,
1705 2424 0 49 o
1744 2423 38 50 per
1813 2420 212 52 inavvertenza,
2046 2419 3 52 o
2080 2419 38 52 per
2153 2418 11 53 la
2195 2417 69 54 fretta
2295 2416 35 54 del

264 2484 84 58 lavoro
380 2483 39 59 che
446 2480 43 56 non
521 2478 34 56 mi
575 2477 59 58 dava
666 2474 84 61 spazio
787 2473 22 59 di
837 2470 117 62 rivedere
982 2469 13 51 il
1019 2468 47 53 mio
1102 2465 118 60 scritto.

1894 2586 136 89 NICOLAO
2067 2587 149 86 BASTA.

294 2813 30 78 19
357 2811 23 80 L.
406 2809 2 82 u
441 2807 2 84 e
469 2805 2 86 l
504 2802 44 101 vero
574 2800 37 99 aio
631 2799 114 103 cogoone
771 2804 16 94 di
813 2799 121 96 tanisla,
953 2798 2 95 e
981 2795 37 97 nou
1044 2796 85 100 Lri,
1149 2794 177 99 cabiatomi,
1360 2799 22 90 on
1416 2797 22 88 su
1479 2794 22 88 tt
1535 2791 64 99 aoni,
1619 2793 15 90 in
1668 2789 92 99 ar’occa
1787 2788 50 98 ione
1864 2788 85 96 poldca
1976 2788 1 94 a
1997 2788 30 93 ne
2061 2789 134 94 pacevole,
2215 2789 15 92 ed
2257 2789 85 87 inuule

271 2863 63 78 altrui
357 2867 0 50 a
378 2860 86 73 nidire.
